<?xml version="1.0" encoding="UTF-8"?><collection xmlns="http://www.loc.gov/MARC21/slim"><record><leader>00658nam--2200193-i-4500</leader><controlfield tag="001">000049202</controlfield><controlfield tag="002">20161230</controlfield><controlfield tag="005">20161230201047</controlfield><controlfield tag="008">060222s1000------------r-----000-0-eng-d</controlfield><datafield ind1=" " ind2=" " tag="040"><subfield code="a">IFIN-HH</subfield></datafield><datafield ind1=" " ind2=" " tag="080"><subfield code="a">539.12.162.8(061.3):539.172.5(061.3)</subfield></datafield><datafield ind1="1" ind2=" " tag="100"><subfield code="a">Bingham,H.H</subfield></datafield><datafield ind1="1" ind2="0" tag="245"><subfield code="a">Particles and fields - 1973. (aps/dpf berkeley) aip conference proceedings. number 14. particles and fields subseries no. 6</subfield><subfield code="c">H.h. bingham, m. davier, g.r. lynch (eds.)</subfield></datafield><datafield ind1=" " ind2=" " tag="260"><subfield code="a">New York</subfield><subfield code="b">American Inst.Of Physics</subfield><subfield code="c">1973</subfield></datafield><datafield ind1=" " ind2=" " tag="300"><subfield code="a">680P</subfield></datafield><datafield ind1=" " ind2=" " tag="490"><subfield code="a">Aip Conference Proceedings, 14</subfield></datafield><datafield ind1="1" ind2=" " tag="700"><subfield code="a">Lynch, G.R</subfield><subfield code="e">Ed</subfield></datafield><datafield ind1=" " ind2=" " tag="852"><subfield code="a">37027</subfield><subfield code="c">53</subfield></datafield><datafield ind1=" " ind2=" " tag="CAT"><subfield code="a">Sys</subfield><subfield code="c">20150311</subfield><subfield code="h">153721</subfield></datafield></record></collection>